<?xml version="1.0" encoding="UTF-8"?><collection xmlns="http://www.loc.gov/MARC21/slim"><record><leader>00311nam--2200133-i-4500</leader><controlfield tag="001">000015304</controlfield><controlfield tag="002">20161230</controlfield><controlfield tag="005">20170220004747</controlfield><controlfield tag="008">060222s1000------------r-----000-0-eng-d</controlfield><datafield ind1=" " ind2=" " tag="245"><subfield code="a">Buts, limites, resultats</subfield></datafield><datafield ind1=" " ind2=" " tag="260"><subfield code="a">Vienna</subfield><subfield code="b">Iaea</subfield><subfield code="c">1984</subfield></datafield><datafield ind1=" " ind2=" " tag="300"><subfield code="a">46 p</subfield></datafield><datafield ind1=" " ind2=" " tag="852"><subfield code="a">621.039.78</subfield></datafield><datafield ind1=" " ind2=" " tag="CAT"><subfield code="a">SYS</subfield><subfield code="c">20170220</subfield><subfield code="h">004747</subfield></datafield></record></collection>